@book{ai:textbook,
  author = {Rudolf Kruse and Christian Borgelt and Frank Klawonn and Christian Moewes and Matthias Steinbrecher and Pascal Held},
  year = {2013},
  title = {Computational Intelligence: A Methodological Introduction},
  publisher = {Springer},
  pages={175}
}

@article{hanan:2013,
  title={Three-Dimensional Knapsack Problem with Pre-Placed Boxes and Vertical Stability},
  author={Hanan Mostaghimi Ghomi},
  journal={Electronic Theses and Dissertations.},
  pages={4},
  year={2013},
  note={4987, https://scholar.uwindsor.ca/etd/4987}
}
